<record><leader>00000cas a2200000 a 4500</leader><controlfield tag="001">39780665</controlfield><controlfield tag="008">980901d19141931nyudn ne      0    0eng c</controlfield><datafield ind1=" " ind2=" " tag="010"><subfield code="a">sn 98021552 </subfield></datafield><datafield ind1=" " ind2=" " tag="040"><subfield code="a">CRL</subfield><subfield code="b">eng</subfield><subfield code="c">CRL</subfield><subfield code="d">OCLCQ</subfield><subfield code="d">NYS</subfield><subfield code="d">OCLCQ</subfield><subfield code="d">OCLCF</subfield><subfield code="d">OCLCO</subfield></datafield><datafield ind1="1" ind2=" " tag="029"><subfield code="a">AU@</subfield><subfield code="b">000014196118</subfield></datafield><datafield ind1=" " ind2=" " tag="042"><subfield code="a">pcc</subfield></datafield><datafield ind1=" " ind2=" " tag="043"><subfield code="a">n-us-ny</subfield></datafield><datafield ind1="0" ind2=" " tag="130"><subfield code="a">Evening world (New York, N.Y. : 1914)</subfield></datafield><datafield ind1="1" ind2="4" tag="245"><subfield code="a">The evening world.</subfield></datafield><datafield ind1="1" ind2=" " tag="246"><subfield code="i">Due to strike, issues for Sept. 18-26, 1923 published jointly with other newspapers as:</subfield><subfield code="a">Combined New York evening newspapers</subfield></datafield><datafield ind1=" " ind2=" " tag="260"><subfield code="a">New York :</subfield><subfield code="b">Press Pub. Co.,</subfield><subfield code="c">-1931]</subfield></datafield><datafield ind1=" " ind2=" " tag="300"><subfield code="a">v. :</subfield><subfield code="b">ill.</subfield></datafield><datafield ind1=" " ind2=" " tag="310"><subfield code="a">Daily (except Sun.)</subfield></datafield><datafield ind1="1" ind2=" " tag="362"><subfield code="a">Began in 1913 or 1914.</subfield></datafield><datafield ind1="0" ind2=" " tag="362"><subfield code="a">-v. 71, no. 24,749 (Feb. 26, 1931).</subfield></datafield><datafield ind1=" " ind2=" " tag="580"><subfield code="a">Evening ed. of: World (New York, N.Y. : 1883 : Daily), &lt;Mar. 16, 1914&gt;-Feb. 26, 1931.</subfield></datafield><datafield ind1=" " ind2=" " tag="580"><subfield code="a">Merged with: World (New York, N.Y. : 1883 : Daily), and: New York telegram, to form: Evening world, the world, the New York telegram.</subfield></datafield><datafield ind1=" " ind2=" " tag="588"><subfield code="a">Description based on: V. 54, no. 19, 200 (Mar. 16, 1914)-</subfield></datafield><datafield ind1=" " ind2="0" tag="651"><subfield code="a">New York (N.Y.)</subfield><subfield code="v">Newspapers.</subfield></datafield><datafield ind1=" " ind2="0" tag="651"><subfield code="a">New York County (N.Y.)</subfield><subfield code="v">Newspapers.</subfield></datafield><datafield ind1=" " ind2="7" tag="655"><subfield code="a">Newspapers.</subfield><subfield code="2">fast</subfield><subfield code="0">(OCoLC)fst01423814</subfield></datafield><datafield ind1=" " ind2="7" tag="651"><subfield code="a">New York (State)</subfield><subfield code="z">New York.</subfield><subfield code="2">fast</subfield><subfield code="0">(OCoLC)fst01204333</subfield></datafield><datafield ind1=" " ind2="7" tag="651"><subfield code="a">New York (State)</subfield><subfield code="z">New York County.</subfield><subfield code="2">fast</subfield><subfield code="0">(OCoLC)fst01234953</subfield></datafield><datafield ind1=" " ind2=" " tag="752"><subfield code="a">United States</subfield><subfield code="b">New York</subfield><subfield code="c">New York</subfield><subfield code="d">New York.</subfield></datafield><datafield ind1="1" ind2=" " tag="775"><subfield code="t">World (New York, N.Y. : 1883 : Daily)</subfield><subfield code="w">(DLC)sn 86071683</subfield><subfield code="w">(OCoLC)13846132</subfield></datafield><datafield ind1="1" ind2="7" tag="785"><subfield code="t">World (New York, N.Y. : 1883 : Daily)</subfield><subfield code="w">(DLC)sn 86071683</subfield><subfield code="w">(OCoLC)13846132</subfield></datafield><datafield ind1="1" ind2="7" tag="785"><subfield code="t">New York telegram</subfield><subfield code="w">(DLC)sn 84024368</subfield><subfield code="w">(OCoLC)11250980</subfield></datafield><datafield ind1="1" ind2="7" tag="785"><subfield code="t">Evening world, the world, the New York telegram</subfield><subfield code="w">(DLC)sn 86071844</subfield><subfield code="w">(OCoLC)14116421</subfield></datafield></record>